@misc{Proof,
  title = {Proof of Correctness}, 
  howpublished ={\url{https://web.engr.oregonstate.edu/~glencora/wiki/uploads/dijkstra-proof.pdf}},
  note = {Accessed: 2015-12-03}}
